@article{stollnitz,
	title={Wavelets for computer graphics: a primer. 1},
	author={Stollnitz, Eric J and DeRose, AD and Salesin, David H},
	journal={IEEE Computer Graphics and Applications},
	volume={15},
	number={3},
	pages={76--84},
	year={1995},
	publisher={IEEE}
}

@book{abbott,
	title={Understanding analysis},
	author={Abbott, Stephen},
	year={2001},
	publisher={Springer}
}

@book{davidson,
  title = {Real Analysis with Real Applications},
  isbn = {0-13-041647-9},
  publisher = {{Prentice Hall}},
  date = {2002},
  author = {Davidson, Kenneth R. and Donsig, Allan P.}
}

@book{lepik,
	title={Haar wavelets: with applications},
	author={Lepik, {\"U}lo and Hein, Helle},
	year={2014},
	publisher={Springer Science \& Business Media}
}

@book{hernandez,
  title = {A First Course on Wavelets},
  isbn = {1-4200-4998-4},
  publisher = {{CRC press}},
  date = {1996},
  author = {Hernández, Eugenio and Weiss, Guido},
  file = {/home/jason/Zotero/storage/N942LYJ6/Hernández and Weiss - 1996 - A first course on wavelets.pdf}
}

 @book{frazier, place={New York}, series={Undergraduate texts in mathematics}, title={An introduction to wavelets through linear algebra}, ISBN={978-0-387-98639-5}, publisher={Springer}, author={Frazier, Michael}, year={1999}, collection={Undergraduate texts in mathematics} }

 @book{gomes, place={Cham}, title={From Fourier Analysis to Wavelets}, ISBN={978-3-319-22074-1}, url={http://link.springer.com/10.1007/978-3-319-22075-8}, DOI={10.1007/978-3-319-22075-8}, publisher={Springer International Publishing}, author={Gomes, Jonas and Velho, Luiz}, year={2015} }
 
 @unpublished{bell,
 	title={Haar wavelets and multiresolution analysis},
 	author={Bell, Jordan},
 	year={2014}
 }

@book{pinsky,
	title={Introduction to Fourier analysis and wavelets},
	author={Pinsky, Mark A},
	volume={102},
	year={2008},
	publisher={American Mathematical Soc.}
}

@article{farrell,
	title={Dense Algebras of Functions in L p},
	author={Farrell, RH},
	journal={Proceedings of the American Mathematical Society},
	volume={13},
	number={2},
	pages={324--328},
	year={1962},
	publisher={JSTOR}
}

@incollection{pollock,
	title={Non-dyadic wavelet analysis},
	author={Pollock, Stephen and Cascio, Iolanda Lo},
	booktitle={Optimisation, Econometric and Financial Analysis},
	pages={167--203},
	year={2007},
	publisher={Springer}
}

