
@book{davidson_real_2002,
  title = {Real Analysis with Real Applications},
  isbn = {0-13-041647-9},
  publisher = {{Prentice Hall}},
  date = {2002},
  author = {Davidson, Kenneth R. and Donsig, Allan P.}
}

@book{lepik_haar_2014,
  langid = {english},
  location = {{New York}},
  title = {An Introduction to Wavelets through Linear Algebra},
  isbn = {978-0-387-98639-5},
  pagetotal = {501},
  series = {Undergraduate Texts in Mathematics},
  publisher = {{Springer}},
  date = {1999},
  keywords = {Wavelets (Mathematics),Algebras; Linear},
  author = {Frazier, Michael},
  file = {/home/jason/Zotero/storage/3LAWSV5F/Frazier - 1999 - An introduction to wavelets through linear algebra.pdf}
}

@book{hernandez_first_1996,
  title = {A First Course on Wavelets},
  isbn = {1-4200-4998-4},
  publisher = {{CRC press}},
  date = {1996},
  author = {Hernández, Eugenio and Weiss, Guido},
  file = {/home/jason/Zotero/storage/N942LYJ6/Hernández and Weiss - 1996 - A first course on wavelets.pdf}
}

 @book{Frazier_1999, place={New York}, series={Undergraduate texts in mathematics}, title={An introduction to wavelets through linear algebra}, ISBN={978-0-387-98639-5}, publisher={Springer}, author={Frazier, Michael}, year={1999}, collection={Undergraduate texts in mathematics} }

 @book{Gomes_Velho_2015, place={Cham}, title={From Fourier Analysis to Wavelets}, ISBN={978-3-319-22074-1}, url={http://link.springer.com/10.1007/978-3-319-22075-8}, DOI={10.1007/978-3-319-22075-8}, publisher={Springer International Publishing}, author={Gomes, Jonas and Velho, Luiz}, year={2015} }



